% Encoding: windows-1252

@Book{Strogatz1994,
  title     = {Nonlinear Dynamics and Chaos},
  publisher = {Perseus Books Publishing},
  year      = {1994},
  author    = {Steven H. Strogatz},
}

@Comment{jabref-meta: databaseType:bibtex;}
